<record><leader>00000cas a22000007a 4500</leader><controlfield tag="001">14962810</controlfield><controlfield tag="008">861212d18461847inuwr ne      0    0eng d</controlfield><datafield ind1=" " ind2=" " tag="010"><subfield code="a">sn 86059095 </subfield></datafield><datafield ind1=" " ind2=" " tag="040"><subfield code="a">NPI</subfield><subfield code="b">eng</subfield><subfield code="c">NPI</subfield><subfield code="d">OCLCQ</subfield><subfield code="d">IUL</subfield><subfield code="d">OCLCF</subfield></datafield><datafield ind1=" " ind2=" " tag="042"><subfield code="a">msc</subfield></datafield><datafield ind1=" " ind2=" " tag="043"><subfield code="a">n-us-in</subfield></datafield><datafield ind1="0" ind2=" " tag="130"><subfield code="a">Journal &amp; free-press (Lafayette, Ind. : 1846)</subfield></datafield><datafield ind1="1" ind2="0" tag="245"><subfield code="a">Journal &amp; free-press.</subfield></datafield><datafield ind1="3" ind2="0" tag="246"><subfield code="a">Journal and free press</subfield></datafield><datafield ind1=" " ind2=" " tag="260"><subfield code="a">Lafayette, Ind. :</subfield><subfield code="b">John B. Semans,</subfield><subfield code="c">1846-1847.</subfield></datafield><datafield ind1=" " ind2=" " tag="300"><subfield code="a">volumes</subfield></datafield><datafield ind1=" " ind2=" " tag="310"><subfield code="a">Weekly</subfield></datafield><datafield ind1="0" ind2=" " tag="362"><subfield code="a">New ser. vol. 6, no. 2 (July 30, 1846)-v. 6, no. 41 (May 20, 1847) = vol. 17, whole no. 857-v. 17, whole no. 899.</subfield></datafield><datafield ind1=" " ind2=" " tag="500"><subfield code="a">"Lafayette" appears in title ornament.</subfield></datafield><datafield ind1=" " ind2="0" tag="651"><subfield code="a">Lafayette (Ind.)</subfield><subfield code="v">Newspapers.</subfield></datafield><datafield ind1=" " ind2="0" tag="651"><subfield code="a">Tippecanoe County (Ind.)</subfield><subfield code="v">Newspapers.</subfield></datafield><datafield ind1=" " ind2="7" tag="651"><subfield code="a">Indiana</subfield><subfield code="z">Lafayette.</subfield><subfield code="2">fast</subfield><subfield code="0">(OCoLC)fst01204553</subfield></datafield><datafield ind1=" " ind2="7" tag="651"><subfield code="a">Indiana</subfield><subfield code="z">Tippecanoe County.</subfield><subfield code="2">fast</subfield><subfield code="0">(OCoLC)fst01213782</subfield></datafield><datafield ind1=" " ind2="7" tag="655"><subfield code="a">Newspapers.</subfield><subfield code="2">fast</subfield><subfield code="0">(OCoLC)fst01423814</subfield></datafield><datafield ind1=" " ind2=" " tag="752"><subfield code="a">United States</subfield><subfield code="b">Indiana</subfield><subfield code="c">Tippecanoe</subfield><subfield code="d">Lafayette.</subfield></datafield><datafield ind1="0" ind2="0" tag="780"><subfield code="t">Tippecanoe journal (Lafayette, Ind. : 1843)</subfield><subfield code="w">(DLC)sn 84023987</subfield><subfield code="w">(OCoLC)11121904</subfield></datafield><datafield ind1="0" ind2="0" tag="785"><subfield code="t">Tippecanoe journal and Lafayette free press (Lafayette, Ind. : 1847)</subfield><subfield code="w">(DLC)sn 84023988</subfield><subfield code="w">(OCoLC)11121989</subfield></datafield></record>